% Temperature measurement as foundation for climate change evidence
@article{hansen2010global,
  title={Global surface temperature change},
  author={Hansen, James and Ruedy, Reto and Sato, Mki and Lo, Ken},
  journal={Reviews of Geophysics},
  volume={48},
  number={4},
  year={2010},
  publisher={Wiley Online Library}
}

% USHCN network description and significance
@article{menne2009ushcn,
  title={The {U.S.} {Historical} {Climatology} {Network} monthly temperature data, version 2},
  author={Menne, Matthew J and Williams Jr, Claude N and Vose, Russell S},
  journal={Bulletin of the American Meteorological Society},
  volume={90},
  number={7},
  pages={993--1007},
  year={2009},
  publisher={American Meteorological Society}
}

@techreport{karl1990ushcn,
  title={{United States Historical Climatology Network (HCN) serial temperature and precipitation data}},
  author={Karl, Thomas R and Williams Jr, Claude N and Quinlan, Frances T and Boden, Thomas A},
  year={1990},
  institution={Environmental Science Division, Publication No. 3404, Oak Ridge National Laboratory}
}

@article{quinlan1987ushcn,
  title={{United States Historical Climatology Network (HCN) serial temperature and precipitation data}},
  author={Quinlan, Frances T and Karl, Thomas R and Williams Jr, Claude N},
  year={1987},
  institution={National Climatic Data Center, NOAA}
}

% NOAA adjustment procedures
@article{menne2009homogenization,
  title={Homogenization of temperature series via pairwise comparisons},
  author={Menne, Matthew J and Williams Jr, Claude N},
  journal={Journal of Climate},
  volume={22},
  number={7},
  pages={1700--1717},
  year={2009},
  publisher={American Meteorological Society}
}

@article{williams2012benchmarking,
  title={Benchmarking the performance of pairwise homogenization of surface temperatures in the {United States}},
  author={Williams Jr, Claude N and Menne, Matthew J and Thorne, Peter W},
  journal={Journal of Geophysical Research: Atmospheres},
  volume={117},
  number={D5},
  year={2012},
  publisher={Wiley Online Library}
}

% Time of observation bias corrections
@article{karl1986tobs,
  title={A model to estimate the time of observation bias associated with monthly mean maximum, minimum, and mean temperature for the {United States}},
  author={Karl, Thomas R and Williams Jr, Claude N and Young, Pamela J and Wendland, Wayne M},
  journal={Journal of Climate and Applied Meteorology},
  volume={25},
  number={2},
  pages={145--160},
  year={1986},
  publisher={American Meteorological Society}
}

@article{vose2003tobs,
  title={An evaluation of the time of observation bias adjustment in the {U.S. Historical Climatology Network}},
  author={Vose, Russell S and Williams Jr, Claude N and Peterson, Thomas C and Karl, Thomas R and Easterling, David R},
  journal={Geophysical Research Letters},
  volume={30},
  number={20},
  year={2003},
  publisher={Wiley Online Library}
}

% Urban heat island effect and its impact
@article{karl1988urbanization,
  title={Urbanization: Its detection and effect in the {United States} climate record},
  author={Karl, Thomas R and Diaz, Henry F and Kukla, George},
  journal={Journal of Climate},
  volume={1},
  number={11},
  pages={1099--1123},
  year={1988},
  publisher={American Meteorological Society}
}

@book{oke1987boundary,
  title={Boundary layer climates},
  author={Oke, Timothy R},
  year={1987},
  publisher={Methuen},
  edition={2nd}
}

@article{oke1973city,
  title={City size and the urban heat island},
  author={Oke, Timothy R},
  journal={Atmospheric Environment},
  volume={7},
  number={8},
  pages={769--779},
  year={1973},
  publisher={Elsevier}
}

@book{landsberg1981urban,
  title={The urban climate},
  author={Landsberg, Helmut E},
  year={1981},
  publisher={Academic Press}
}

% Validation of homogenization procedures
@article{hausfather2016evaluating,
  title={Evaluating the impact of {U.S. Historical Climatology Network} homogenization using the {U.S. Climate Reference Network}},
  author={Hausfather, Zeke and Menne, Matthew J and Williams, Claude N and Masters, Troy and Broberg, Ronald and Jones, David},
  journal={Geophysical Research Letters},
  volume={43},
  number={4},
  pages={1695--1704},
  year={2016},
  publisher={Wiley Online Library}
}

@article{venema2012benchmarking,
  title={Benchmarking homogenization algorithms for monthly data},
  author={Venema, VKC and Mestre, O and Aguilar, E and Auer, I and Guijarro, JA and Domonkos, P and Vertacnik, G and Szentimrey, T and Stepanek, P and Zahradnicek, P and others},
  journal={Climate of the Past},
  volume={8},
  number={1},
  pages={89--115},
  year={2012},
  publisher={Copernicus GmbH}
}

% Concerns about UHI contamination
@article{hausfather2013quantifying,
  title={Quantifying the effect of urbanization on {U.S. Historical Climatology Network} temperature records},
  author={Hausfather, Zeke and Menne, Matthew J and Williams, Claude N and Masters, Troy and Broberg, Ronald and Jones, David},
  journal={Journal of Geophysical Research: Atmospheres},
  volume={118},
  number={2},
  pages={481--494},
  year={2013},
  publisher={Wiley Online Library}
}

@article{menne2010reliability,
  title={On the reliability of the {U.S.} surface temperature record},
  author={Menne, Matthew J and Williams Jr, Claude N and Palecki, Michael A},
  journal={Journal of Geophysical Research: Atmospheres},
  volume={115},
  number={D11},
  year={2010},
  publisher={Wiley Online Library}
}

% Quality of temperature networks
@article{peterson2006examination,
  title={Examination of potential biases in air temperature caused by poor station locations},
  author={Peterson, Thomas C},
  journal={Bulletin of the American Meteorological Society},
  volume={87},
  number={8},
  pages={1073--1089},
  year={2006},
  publisher={American Meteorological Society}
}

@article{fall2011analysis,
  title={Analysis of the impacts of station exposure on the {U.S. Historical Climatology Network} temperatures and temperature trends},
  author={Fall, Souleymane and Watts, Anthony and Nielsen-Gammon, John and Jones, Evan and Niyogi, Dev and Christy, John R and Pielke Sr, Roger A},
  journal={Journal of Geophysical Research: Atmospheres},
  volume={116},
  number={D14},
  year={2011},
  publisher={Wiley Online Library}
}

% GHCN and global temperature datasets
@article{lawrimore2011overview,
  title={An overview of the {Global Historical Climatology Network} monthly mean temperature dataset, version 3},
  author={Lawrimore, Jay H and Menne, Matthew J and Gleason, Byron E and Williams, Claude N and Wuertz, David B and Vose, Russell S and Rennie, Jared},
  journal={Journal of Geophysical Research: Atmospheres},
  volume={116},
  number={D19},
  year={2011},
  publisher={Wiley Online Library}
}

@article{hansen2001gistemp,
  title={A closer look at {United States} and global surface temperature change},
  author={Hansen, James and Ruedy, Reto and Glascoe, Jay and Sato, Mki},
  journal={Journal of Geophysical Research: Atmospheres},
  volume={106},
  number={D20},
  pages={23947--23963},
  year={2001},
  publisher={Wiley Online Library}
}

% Recent assessments of UHI in temperature records
@article{connolly2021evaluation,
  title={Evaluation of the homogenization adjustments applied to {European} temperature records in the {Global Historical Climatology Network} dataset},
  author={Connolly, Ronan and Connolly, Michael and Carter, Robert M and Soon, Willie},
  journal={Atmosphere},
  volume={13},
  number={2},
  pages={285},
  year={2022},
  publisher={MDPI}
}

@article{spencer2021urban,
  title={Urban heat island effects on {U.S.} temperature trends, 1973-2020: {USHCN} vs. hourly weather stations},
  author={Spencer, Roy W},
  year={2021},
  note={Blog post, drroyspencer.com}
}

% Statistical methods for changepoint detection
@article{alexandersson1997snht,
  title={A homogeneity test applied to precipitation data},
  author={Alexandersson, Hans and Moberg, Anders},
  journal={Journal of Climatology},
  volume={17},
  number={1},
  pages={25--34},
  year={1997},
  publisher={Wiley Online Library}
}

@article{caussinus2004detection,
  title={Detection and correction of artificial shifts in climate series},
  author={Caussinus, Henri and Mestre, Olivier},
  journal={Journal of the Royal Statistical Society: Series C (Applied Statistics)},
  volume={53},
  number={3},
  pages={405--425},
  year={2004},
  publisher={Wiley Online Library}
}

% IPCC reports (cited in Discussion)
@book{ipcc2021physical,
  title={Climate Change 2021: The Physical Science Basis. Contribution of Working Group I to the Sixth Assessment Report of the Intergovernmental Panel on Climate Change},
  author={{IPCC}},
  year={2021},
  publisher={Cambridge University Press},
  address={Cambridge, United Kingdom and New York, NY, USA},
  note={In press},
  doi={10.1017/9781009157896}
}
